@article{melkumova2017comparing,
  title={Comparing Ridge and LASSO estimators for data analysis},
  author={Melkumova, LE and Shatskikh, S Ya},
  journal={Procedia engineering},
  volume={201},
  pages={746--755},
  year={2017},
  publisher={Elsevier}
}
@book{hastie2019statistical,
  title={Statistical learning with sparsity: the lasso and generalizations},
  author={Hastie, Trevor and Tibshirani, Robert and Wainwright, Martin},
  year={2019},
  publisher={Chapman and Hall/CRC}
}
@book{hastie2008elements,
  title={Elements of Statistical Learning},
  author={Hastie, Trevor and Tibshirani, Robert and Friedman, Jerome},
  year={2008},
  publisher={Springer Series in Statistics}
}
@book{james2013introduction,
  title={An introduction to statistical learning},
  author={James, Gareth and Witten, Daniela and Hastie, Trevor and Tibshirani, Robert},
  volume={112},
  year={2013},
  publisher={Springer}
}
@article{tibshirani1996regression,
  title={Regression shrinkage and selection via the lasso},
  author={Tibshirani, Robert},
  journal={Journal of the Royal Statistical Society: Series B (Methodological)},
  volume={58},
  number={1},
  pages={267--288},
  year={1996},
  publisher={Wiley Online Library}
}
@article{zou2005regularization,
  title={Regularization and variable selection via the elastic net},
  author={Zou, Hui and Hastie, Trevor},
  journal={Journal of the royal statistical society: series B (statistical methodology)},
  volume={67},
  number={2},
  pages={301--320},
  year={2005},
  publisher={Wiley Online Library}
}
@article{aheto2021predictive,
  title={A predictive model, and predictors of under-five child malaria prevalence in Ghana: How do LASSO, Ridge and Elastic net regression approaches compare?},
  author={Aheto, Justice Moses K and Duah, Henry Ofori and Agbadi, Pascal and Nakua, Emmanuel Kweku},
  journal={Preventive Medicine Reports},
  volume={23},
  pages={101475},
  year={2021},
  publisher={Elsevier}
}
@article{kidwell1982ridge,
  title={Ridge regression as a technique for analyzing models with multicollinearity},
  author={Kidwell, Jeannie S and Brown, Lynn Harrington},
  journal={Journal of Marriage and the Family},
  pages={287--299},
  year={1982},
  publisher={JSTOR}
}
@article{hoerl1970ridge1,
  title={Ridge regression: Biased estimation for nonorthogonal problems},
  author={Hoerl, Arthur E and Kennard, Robert W},
  journal={Technometrics},
  volume={12},
  number={1},
  pages={55--67},
  year={1970},
  publisher={Taylor \& Francis}
}
@article{hoerl1970ridge2,
  title={Ridge regression: applications to nonorthogonal problems},
  author={Hoerl, Arthur E and Kennard, Robert W},
  journal={Technometrics},
  volume={12},
  number={1},
  pages={69--82},
  year={1970},
  publisher={Taylor \& Francis}
}
@article{snee1973some,
  title={Some aspects of nonorthogonal data analysis: Part I. Developing prediction equations},
  author={Snee, Ronald D},
  journal={Journal of Quality Technology},
  volume={5},
  number={2},
  pages={67--79},
  year={1973},
  publisher={Taylor \& Francis}
}
@article{marquardt1975ridge,
  title={Ridge regression in practice},
  author={Marquardt, Donald W and Snee, Ronald D},
  journal={The American Statistician},
  volume={29},
  number={1},
  pages={3--20},
  year={1975},
  publisher={Taylor \& Francis}
}
@article{efron2003lars,
  title={Least Angle Regression},
  author={Efron, Bradley and Hastie, Trevor and Johnstone, Iain, and Tibshirani, Robert},
  journal={The Annals of Statistics},
  volume={32},
  number={2},
  pages={407--451},
  year={2003},
  publisher={Institute of Mathematics and Statistics}
}