@article{melkumova2017comparing,
  title={Comparing Ridge and LASSO estimators for data analysis},
  author={Melkumova, LE and Shatskikh, S Ya},
  journal={Procedia engineering},
  volume={201},
  pages={746--755},
  year={2017},
  publisher={Elsevier}
}

@book{hastie2019statistical,
  title={Statistical learning with sparsity: the lasso and generalizations},
  author={Hastie, Trevor and Tibshirani, Robert and Wainwright, Martin},
  year={2019},
  publisher={Chapman and Hall/CRC}
}

@book{james2013introduction,
  title={An introduction to statistical learning with applications in R},
  author={James, Gareth and Witten, Daniela and Hastie, Trevor and Tibshirani, Robert},
  volume={112},
  year={2013},
  publisher={Springer}
}

@article{tibshirani1996regression,
  title={Regression shrinkage and selection via the lasso},
  author={Tibshirani, Robert},
  journal={Journal of the Royal Statistical Society: Series B (Methodological)},
  volume={58},
  number={1},
  pages={267--288},
  year={1996},
  publisher={Wiley Online Library}
}

@article{zou2005regularization,
  title={Regularization and variable selection via the elastic net},
  author={Zou, Hui and Hastie, Trevor},
  journal={Journal of the royal statistical society: series B (statistical methodology)},
  volume={67},
  number={2},
  pages={301--320},
  year={2005},
  publisher={Wiley Online Library}
}

@article{aheto2021predictive,
  title={A predictive model, and predictors of under-five child malaria prevalence in Ghana: How do LASSO, Ridge and Elastic net regression approaches compare?},
  author={Aheto, Justice Moses K and Duah, Henry Ofori and Agbadi, Pascal and Nakua, Emmanuel Kweku},
  journal={Preventive Medicine Reports},
  volume={23},
  pages={101475},
  year={2021},
  publisher={Elsevier}
}

@article{kidwell1982ridge,
  title={Ridge regression as a technique for analyzing models with multicollinearity},
  author={Kidwell, Jeannie S and Brown, Lynn Harrington},
  journal={Journal of Marriage and the Family},
  pages={287--299},
  year={1982},
  publisher={JSTOR}
}

@article{hoerl1970ridge1,
  title={Ridge regression: Biased estimation for nonorthogonal problems},
  author={Hoerl, Arthur E and Kennard, Robert W},
  journal={Technometrics},
  volume={12},
  number={1},
  pages={55--67},
  year={1970},
  publisher={Taylor \& Francis}
}

@article{hoerl1970ridge2,
  title={Ridge regression: applications to nonorthogonal problems},
  author={Hoerl, Arthur E and Kennard, Robert W},
  journal={Technometrics},
  volume={12},
  number={1},
  pages={69--82},
  year={1970},
  publisher={Taylor \& Francis}
}

@article{snee1973some,
  title={Some aspects of nonorthogonal data analysis: Part I. Developing prediction equations},
  author={Snee, Ronald D},
  journal={Journal of Quality Technology},
  volume={5},
  number={2},
  pages={67--79},
  year={1973},
  publisher={Taylor \& Francis}
}

@article{marquardt1975ridge,
  title={Ridge regression in practice},
  author={Marquardt, Donald W and Snee, Ronald D},
  journal={The American Statistician},
  volume={29},
  number={1},
  pages={3--20},
  year={1975},
  publisher={Taylor \& Francis}
}
@book{hastie2008elements,
  title={Elements of Statistical Learning},
  author={Hastie, Trevor and Tibshirani, Robert and Friedman, Jerome},
  year={2008},
  publisher={Springer Series in Statistics}
}
@book{murphy2012machine,
  title={Machine Learning: A Probabilistic Perspective},
  author={Murphy, Kevin P.},
  year={2012},
  publisher={The MIT Press}
}
@book{buhlmann2011statistics,
  title={Statistics for high-dimensional data: methods, theory and applications},
  author={B{\"u}hlmann, Peter and Van De Geer, Sara},
  year={2011},
  publisher={Springer Science \& Business Media}
}
@article{stamey1989prostate,
  title={Prostate specific antigen in the diagnosis and treatment of adenocarcinoma of the prostate. II. Radical prostatectomy treated patients},
  author={Stamey, Thomas A and Kabalin, John N and McNeal, John E and Johnstone, Iain M and Freiha, Fuad and Redwine, Elise A and Yang, Norman},
  journal={The Journal of urology},
  volume={141},
  number={5},
  pages={1076--1083},
  year={1989},
  publisher={Elsevier}
}
@article{hebiri2012correlations,
  title={How correlations influence lasso prediction},
  author={Hebiri, Mohamed and Lederer, Johannes},
  journal={IEEE Transactions on Information Theory},
  volume={59},
  number={3},
  pages={1846--1854},
  year={2012},
  publisher={IEEE}
}
@article{tibshirani2016closer,
  title={A closer look at sparse regression},
  author={Tibshirani, Ryan and Wasserman, L},
  journal={Lecture notes},
  year={2016}
}
@article{efron2004least,
  title={Least angle regression},
  author={Efron, Bradley and Hastie, Trevor and Johnstone, Iain and Tibshirani, Robert},
  journal={The Annals of statistics},
  volume={32},
  number={2},
  pages={407--499},
  year={2004},
  publisher={Institute of Mathematical Statistics}
}
@inproceedings{hastie2008fast,
  title={Fast regularization paths via coordinate descent},
  author={Hastie, Trevor},
  booktitle={The 14th ACM SIGKDD International Conference on Knowledge Discovery and Data Mining, Denver},
  volume={2009},
  year={2008}
}
@article{van2015lecture,
  title={Lecture notes on ridge regression},
  author={van Wieringen, Wessel N},
  journal={arXiv preprint arXiv:1509.09169},
  year={2015}
}

@article{vinod1995double,
  title={Double bootstrap for shrinkage estimators},
  author={Vinod, Hrishikesh D},
  journal={Journal of Econometrics},
  volume={68},
  number={2},
  pages={287--302},
  year={1995},
  publisher={Elsevier}
}

@article{chatterjee2011bootstrapping,
  title={Bootstrapping lasso estimators},
  author={Chatterjee, Arindam and Lahiri, Soumendra Nath},
  journal={Journal of the American Statistical Association},
  volume={106},
  number={494},
  pages={608--625},
  year={2011},
  publisher={Taylor \& Francis}
}

@article{casella2010penalized,
  title={Penalized regression, standard errors, and Bayesian lassos},
  author={Casella, George and Ghosh, Malay and Gill, Jeff and Kyung, Minjung},
  journal={Bayesian analysis},
  volume={5},
  number={2},
  pages={369--411},
  year={2010},
  publisher={International Society for Bayesian Analysis}
}

@article{li2010bayesian,
  title={The Bayesian elastic net},
  author={Li, Qing and Lin, Nan},
  journal={Bayesian analysis},
  volume={5},
  number={1},
  pages={151--170},
  year={2010},
  publisher={International Society for Bayesian Analysis}
}
@article{breiman1995better,
  title={Better subset regression using the nonnegative garrote},
  author={Breiman, Leo},
  journal={Technometrics},
  volume={37},
  number={4},
  pages={373--384},
  year={1995},
  publisher={Taylor \& Francis}
}
@article{yuan2006model,
  title={Model selection and estimation in regression with grouped variables},
  author={Yuan, Ming and Lin, Yi},
  journal={Journal of the Royal Statistical Society: Series B (Statistical Methodology)},
  volume={68},
  number={1},
  pages={49--67},
  year={2006},
  publisher={Wiley Online Library}
}
@article{chen2010graph,
  title={Graph-structured multi-task regression and an efficient optimization method for general fused lasso},
  author={Chen, Xi and Kim, Seyoung and Lin, Qihang and Carbonell, Jaime G and Xing, Eric P},
  journal={arXiv preprint arXiv:1005.3579},
  year={2010}
}
@article{zou2006adaptive,
  title={The adaptive lasso and its oracle properties},
  author={Zou, Hui},
  journal={Journal of the American statistical association},
  volume={101},
  number={476},
  pages={1418--1429},
  year={2006},
  publisher={Taylor \& Francis}
}
@article{friedman2008sparse,
  title={Sparse inverse covariance estimation with the graphical lasso},
  author={Friedman, Jerome and Hastie, Trevor and Tibshirani, Robert},
  journal={Biostatistics},
  volume={9},
  number={3},
  pages={432--441},
  year={2008},
  publisher={Oxford University Press}
}
@article{tibshirani2011regression,
  title={Regression shrinkage and selection via the lasso: a retrospective},
  author={Tibshirani, Robert},
  journal={Journal of the Royal Statistical Society: Series B (Statistical Methodology)},
  volume={73},
  number={3},
  pages={273-282},
  year={2011}
}
@article{frank1993statistical,
  title={A statistical view of some chemometrics regression tools},
  author={Frank, LLdiko E and Friedman, Jerome H},
  journal={Technometrics},
  volume={35},
  number={2},
  pages={109--135},
  year={1993},
  publisher={Taylor \& Francis}
}
@article{scikit-learn,
 title={Scikit-learn: Machine Learning in {P}ython},
 author={Pedregosa, F. and Varoquaux, G. and Gramfort, A. and Michel, V.
         and Thirion, B. and Grisel, O. and Blondel, M. and Prettenhofer, P.
         and Weiss, R. and Dubourg, V. and Vanderplas, J. and Passos, A. and
         Cournapeau, D. and Brucher, M. and Perrot, M. and Duchesnay, E.},
 journal={Journal of Machine Learning Research},
 volume={12},
 pages={2825--2830},
 year={2011}
}
@article{salmeron2020overcoming,
  title={Overcoming the inconsistences of the variance inflation factor: a redefined VIF and a test to detect statistical troubling multicollinearity},
  author={Salmer{\'o}n, Rom{\'a}n and Garc{\'\i}a, Catalina and Garc{\'\i}a, Jos{\'e}},
  journal={arXiv preprint arXiv:2005.02245},
  year={2020}
}
@article{o2007caution,
  title={A caution regarding rules of thumb for variance inflation factors},
  author={O\textsc{\char13}brien, Robert M},
  journal={Quality \& quantity},
  volume={41},
  number={5},
  pages={673--690},
  year={2007},
  publisher={Springer}
}
@article{tibshirani2017sparsity,
  title={Sparsity, the lasso, and friends},
  author={Tibshirani, Ryan and Wasserman, Larry},
  journal={Lecture notes from “Statistical Machine Learning,” Carnegie Mellon University, Spring},
  year={2017}
}

@article{akaike1974new,
  title={A new look at the statistical model identification},
  author={Akaike, Hirotugu},
  journal={IEEE transactions on automatic control},
  volume={19},
  number={6},
  pages={716--723},
  year={1974},
  publisher={Ieee}
}
